% So sieht der Biblatex Eintag für eine Abschlussarbeit aus:
@thesis{ma-sebastian,
author = {Müller, Sebastian},
title = {Clear Sight in Cherenkov-Astronomy},
subtitle = {Investigations of Reflector Geometry and Mirror Alignment for the FACT-Telescope},
year = {2014},
type = {Masterarbeit},
school = {TU Dortmund}
}

% ein Lehrbuch:
@book{kuypers,
    author = {Kuypers, Friedhelm},
    title = {Klassische Mechanik},
    year = {2010},
    publisher = {Wiley-VCH},
    series = {9. Auflage}
}

@BOOK{handbook_adhesives,
  editor =       {Satas, D.},
  TITLE =        {Handbook of pressure sensitive adhesive technology},
  PUBLISHER =    {Van Nostrand Reinhold},
  YEAR =         {1989},
  address =      {New York},
  edition =      {2nd},
}


% Ein in einem Journal veröffentlichter Artikel (Paper):
@article{pdg,
      author         = "Beringer, J. and others",
      title          = "{Review of Particle Physics (RPP)}",
      collaboration  = "Particle Data Group",
      journal        = "Phys.Rev.",
      volume         = "D86",
      pages          = "010001",
      doi            = "10.1103/PhysRevD.86.010001",
      year           = "2012",
      SLACcitation   = "%%CITATION = PHRVA,D86,010001;%%",
}

@ARTICLE{einstein,
  author = {Einstein, A.},
  title = {A Generalization of the relativistic theory of Gravitation},
  journal = {Annals of Mathematics},
  year = {1945},
  volume = {46},
  pages = {578-584},
  number = {4}
  }

% eine Internet Quelle
@MANUAL{siunitx,
    title   = {siunitx - A comprehensive (SI) units package},
    url = {http://mirror.selfnet.de/tex-archive/macros/latex/contrib/siunitx/siunitx.pdf},
    date = {2013},
    author = {Wright, Joseph}
}
@MANUAL{koma,
    title   = {KOMA -Script},
    subtitle = {ein wandelbares LaTeX-Paket},
    url = {http://mirror.selfnet.de/tex-archive/macros/latex/contrib/koma-script/doc/scrguide.pdf},
    date = {2013},
    author = {Kohm, Markus and Morawski, Jens-Uwe}
}
@MANUAL{biblatex,
    title   = {The Biblatex Package},
    subtitle = {Programmable Bibliographies and Citations},
    url = {ftp://ftp.fu-berlin.de/tex/CTAN/macros/latex/contrib/biblatex/doc/biblatex.pdf},
    date = {2014},
    author = {Lehman, Philipp and others}
}
@ELECTRONIC{make,
    title   = {Gnu-Make Homepage},
    url = {http://www.gnu.org/software/make/},
    date = {2014},
}
@ELECTRONIC{toolbox,
    title   = {Pep et al.\ Toolbox -- \LaTeX-Folien},
    url = {http://toolbox.pep-dortmund.org/files/archive/2014/latex.pdf},
    date = {2014},
}
@ELECTRONIC{gitbash,
    title   = {Git Bash - Download},
    url = {http://msysgit.github.io/},
    date = {2014},
}
@ELECTRONIC{pleser,
    title   = {Modern Packages for LaTeX},
    url = {http://philippleser.de/physics/latex},
    date = {2014},
    author = {Leser, Philipp}
}
@MANUAL{l2tabu,
    title   = {Das LATEX2ε-Sündenregister},
    author = {Ensenbach, Marc and Trettin, Mark},
    url = {ftp://ftp.mpi-sb.mpg.de/pub/tex/mirror/ftp.dante.de/pub/tex/info/l2tabu/german/l2tabu.pdf},
    date = {2011},
}
@ELECTRONIC{texmaker,
    title   = {Texmaker},
    subtitle =  {The universal LaTeX editor, Downloads},
    url = {http://www.xm1math.net/texmaker/download.html},
    date = {2014},
}

@ELECTRONIC{beyer ,
    title   = {Simulation	of	the	depletion	voltage	evolution	of the	ATLAS	Pixel	Detector},
    subtitle =  {},
    url = {https://www.mpp.mpg.de/~jbeyer/talks/talk_beyer_280217.pdf},
    date = {2017},
    author = {J.	Beyer,	A.	Macchiolo,	R.	Nisius}
}

@phdthesis{moll ,
    Type = {Dissertation},
    title   = {Radiation Damage in Silicon Particle Detectors},
    url = {https://mmoll.web.cern.ch/mmoll/thesis/pdf/moll-thesis.pdf},
    School = {Universität Hamburg},
    date = {1999},
    author = {M. Moll}
}

@book{semiconductor,
    author = {H. Kolanovski, N. Wermes},
    title = {Teilchendetektoren},
    year = {2016},
    publisher = {Springer-Verlag},
}



@article{Chilingarov_2013,
	doi = {10.1088/1748-0221/8/10/p10003},
	url = {https://doi.org/10.1088%2F1748-0221%2F8%2F10%2Fp10003},
	year = 2013,
	month = {10},
	publisher = {{IOP} Publishing},
	volume = {8},
	number = {10},
	pages = {P10003--P10003},
	author = {A Chilingarov},
	title = {Temperature dependence of the current generated in Si bulk},
	journal = {Journal of Instrumentation},
	abstract = {The dependence of the current generated in silicon bulk is
  investigated both theoretically and experimentally. It is
  demonstrated to be compatible with I∝T2e−1.21 eV/2kT
  expected for the generation via a level near the middle of the band
  gap.}
}


@online{atlas_1,
  author = {Cern},
  title = {The Inner Detector},
  year = 2019,
  url = {https://atlas.cern/discover/detector/inner-detector},
  urldate = {2019-06-12}
}



@misc{felix ,
    author = {Felix Wizemann et al.},
    title   = {Temperature dependence of the current generated in Si bulk},
    howpublished = {To be published in JINST},
    School = {Universität Dortmund},
    year = {2019},
    url = {https://arxiv.org/pdf/1904.04698.pdf}
}

@article{ATLAS,
	url = {https://iopscience.iop.org/article/10.1088/1748-0221/3/08/S08003/pdf},
	year = 2008,
	month = {8},
	publisher = {INSTITUTE OF PHYSICS PUBLISHING AND SISSA},
	author = {The ATLAS Collaboration et al},
	title = {The ATLAS Experiment at the CERN Large Hadron Collider},
	journal = {Journal of Instrumentation},
	abstract = {The ATLAS detector as installed in its experimental cavern at point 1 at CERN is
described in this paper. A brief overview of the expected performance of the detector when the
Large Hadron Collider begins operation is also presented.}
}

@phdthesis{typinversion ,
    Type = {Dissertation},
    author = {R. Wunstorf},
    title   = {Systematische Untersuchungen zur Strahlenresistenz von SiliziumDetektoren für die Verwendung in Hohenergiephysikexperimenten},
    School = {Universität Hamburg},
    date = {1992},
    url = {http://www-h1.desy.de/psfiles/theses/h1th-812.pdf}
}


@report{mareike ,
    author = {M. Weers et al.},
    title   = {Lab and test beam results of irradiated silicon sensors with modified ATLAS pixel implantations},
    School = {Universität Dortmund},
    date = {2018}
}

@techreport{Capeans:1291633,
      author        = "Capeans, M and Darbo, G and Einsweiller, K and Elsing, M
                       and Flick, T and Garcia-Sciveres, M and Gemme, C and
                       Pernegger, H and Rohne, O and Vuillermet, R",
      title         = "{ATLAS Insertable B-Layer Technical Design Report}",
      collaboration = "ATLAS Collaboration",
      number        = "CERN-LHCC-2010-013. ATLAS-TDR-19",
      month         = "Sep",
      year          = "2010",
      reportNumber  = "CERN-LHCC-2010-013",
      url           = "http://cds.cern.ch/record/1291633",
}

@misc{itk,
      author        = "I. Gregor",
      title         = "{ATLAS Inner Tracker Overview}",
      collaboration = "DESY",
      month         = "April",
      year          = "2017",
      url           = "https://indico.desy.de/indico/event/16494/session/3/contribution/27/material/slides/0.pdf",
}


@book{oliphant2006guide,
  title={A guide to NumPy},
  author={Oliphant, Travis E},
  volume={1},
  year={2006},
  publisher={Trelgol Publishing USA}
}

@Article{Hunter:2007,
  Author    = {Hunter, J. D.},
  Title     = {Matplotlib: A 2D graphics environment},
  Journal   = {Computing in Science \& Engineering},
  Volume    = {9},
  Number    = {3},
  Pages     = {90--95},
  abstract  = {Matplotlib is a 2D graphics package used for Python for
  application development, interactive scripting, and publication-quality
  image generation across user interfaces and operating systems.},
  publisher = {IEEE COMPUTER SOC},
  doi       = {10.1109/MCSE.2007.55},
  year      = 2007
}
